<marc:record xmlns:marc="http://www.loc.gov/MARC21/slim" xmlns:xsi="http://www.w3.org/2001/XMLSchema-instance" xsi:schemaLocation="http://www.loc.gov/MARC21/slim http://www.loc.gov/standards/marcxml/schema/MARC21slim.xsd">
  <marc:leader>     cam a2200217 a 4500</marc:leader>
  <marc:controlfield tag="001">002354683</marc:controlfield>
  <marc:controlfield tag="003">NNU</marc:controlfield>
  <marc:controlfield tag="005">20061010172121.0</marc:controlfield>
  <marc:controlfield tag="008">880928q19801989ir            000 0 ara d</marc:controlfield>
  <marc:datafield tag="035" ind1="9" ind2=" ">
    <marc:subfield code="a">NYUb11493008</marc:subfield>
  </marc:datafield>
  <marc:datafield tag="035" ind1=" " ind2=" ">
    <marc:subfield code="a">(CStRLIN)NYUG88-B31892</marc:subfield>
  </marc:datafield>
  <marc:datafield tag="040" ind1=" " ind2=" ">
    <marc:subfield code="a">OSU</marc:subfield>
    <marc:subfield code="c">OSU</marc:subfield>
    <marc:subfield code="d">NNU</marc:subfield>
  </marc:datafield>
  <marc:datafield tag="066" ind1=" " ind2=" ">
    <marc:subfield code="c">(3</marc:subfield>
  </marc:datafield>
  <marc:datafield tag="090" ind1=" " ind2=" ">
    <marc:subfield code="a">PJ6307</marc:subfield>
    <marc:subfield code="b">.H35 1980</marc:subfield>
  </marc:datafield>
  <marc:datafield tag="100" ind1="1" ind2=" ">
    <marc:subfield code="6">01</marc:subfield>
    <marc:subfield code="a">Hāshimī, al-Sayyid Aḥmad.</marc:subfield>
  </marc:datafield>
  <marc:datafield tag="100" ind1="0" ind2=" ">
    <marc:subfield code="6">01</marc:subfield>
    <marc:subfield code="a">السيد أحمد الهاشمي.</marc:subfield>
  </marc:datafield>
  <marc:datafield tag="245" ind1="1" ind2="3">
    <marc:subfield code="6">02</marc:subfield>
    <marc:subfield code="a">al-Qawāʻid al-asāsīyah lil-lughah al-ʻArabīyah ḥasab manhaj "Matn al-Alfīyah" li-Ibn Mālik wa-khulāṣat al-sharrāḥ li-Ibn Hishām wa-Ibn ʻUqayl wa-al-Ashmūnī /</marc:subfield>
    <marc:subfield code="c">taʼlīf al-Sayyid Aḥmad al-Hāshimī.</marc:subfield>
  </marc:datafield>
  <marc:datafield tag="245" ind1="1" ind2="2">
    <marc:subfield code="6">02</marc:subfield>
    <marc:subfield code="a">القواعد الأساسية للغة العربية حسب منهج "متن الافية" لابن مالك وخلاصة الشراح لابن هشام وابن عقيل والأشمونى /</marc:subfield>
    <marc:subfield code="c">تأليف السيد أحمد الهاشمي.</marc:subfield>
  </marc:datafield>
  <marc:datafield tag="260" ind1=" " ind2=" ">
    <marc:subfield code="a">[Tehran? :</marc:subfield>
    <marc:subfield code="b">Dār al-Hijrah,</marc:subfield>
    <marc:subfield code="c">198-?]</marc:subfield>
  </marc:datafield>
  <marc:datafield tag="300" ind1=" " ind2=" ">
    <marc:subfield code="a">368, 16 p. ;</marc:subfield>
    <marc:subfield code="c">25 cm.</marc:subfield>
  </marc:datafield>
  <marc:datafield tag="650" ind1=" " ind2="0">
    <marc:subfield code="a">Arabic language</marc:subfield>
    <marc:subfield code="x">Grammar.</marc:subfield>
  </marc:datafield>
  <marc:datafield tag="998" ind1=" " ind2=" ">
    <marc:subfield code="a">19960719</marc:subfield>
    <marc:subfield code="d">19880928</marc:subfield>
    <marc:subfield code="d">19960719</marc:subfield>
    <marc:subfield code="n">NNU</marc:subfield>
    <marc:subfield code="s">1</marc:subfield>
    <marc:subfield code="t">c</marc:subfield>
    <marc:subfield code="z">p</marc:subfield>
  </marc:datafield>
</marc:record>
